%YAML 1.1
%TAG !u! tag:unity3d.com,2011:
--- !u!29 &1
OcclusionCullingSettings:
  m_ObjectHideFlags: 0
  serializedVersion: 2
  m_OcclusionBakeSettings:
    smallestOccluder: 5
    smallestHole: 0.25
    backfaceThreshold: 100
  m_SceneGUID: 00000000000000000000000000000000
  m_OcclusionCullingData: {fileID: 0}
--- !u!104 &2
RenderSettings:
  m_ObjectHideFlags: 0
  serializedVersion: 9
  m_Fog: 0
  m_FogColor: {r: 0.5, g: 0.5, b: 0.5, a: 1}
  m_FogMode: 3
  m_FogDensity: 0.01
  m_LinearFogStart: 0
  m_LinearFogEnd: 300
  m_AmbientSkyColor: {r: 0.212, g: 0.227, b: 0.259, a: 1}
  m_AmbientEquatorColor: {r: 0.114, g: 0.125, b: 0.133, a: 1}
  m_AmbientGroundColor: {r: 0.047, g: 0.043, b: 0.035, a: 1}
  m_AmbientIntensity: 1
  m_AmbientMode: 3
  m_SubtractiveShadowColor: {r: 0.42, g: 0.478, b: 0.627, a: 1}
  m_SkyboxMaterial: {fileID: 0}
  m_HaloStrength: 0.5
  m_FlareStrength: 1
  m_FlareFadeSpeed: 3
  m_HaloTexture: {fileID: 0}
  m_SpotCookie: {fileID: 10001, guid: 0000000000000000e000000000000000, type: 0}
  m_DefaultReflectionMode: 0
  m_DefaultReflectionResolution: 128
  m_ReflectionBounces: 1
  m_ReflectionIntensity: 1
  m_CustomReflection: {fileID: 0}
  m_Sun: {fileID: 0}
  m_IndirectSpecularColor: {r: 0, g: 0, b: 0, a: 1}
  m_UseRadianceAmbientProbe: 0
--- !u!157 &3
LightmapSettings:
  m_ObjectHideFlags: 0
  serializedVersion: 11
  m_GIWorkflowMode: 1
  m_GISettings:
    serializedVersion: 2
    m_BounceScale: 1
    m_IndirectOutputScale: 1
    m_AlbedoBoost: 1
    m_EnvironmentLightingMode: 0
    m_EnableBakedLightmaps: 0
    m_EnableRealtimeLightmaps: 0
  m_LightmapEditorSettings:
    serializedVersion: 12
    m_Resolution: 2
    m_BakeResolution: 40
    m_AtlasSize: 1024
    m_AO: 0
    m_AOMaxDistance: 1
    m_CompAOExponent: 1
    m_CompAOExponentDirect: 0
    m_ExtractAmbientOcclusion: 0
    m_Padding: 2
    m_LightmapParameters: {fileID: 0}
    m_LightmapsBakeMode: 1
    m_TextureCompression: 1
    m_FinalGather: 0
    m_FinalGatherFiltering: 1
    m_FinalGatherRayCount: 256
    m_ReflectionCompression: 2
    m_MixedBakeMode: 2
    m_BakeBackend: 1
    m_PVRSampling: 1
    m_PVRDirectSampleCount: 32
    m_PVRSampleCount: 512
    m_PVRBounces: 2
    m_PVREnvironmentSampleCount: 256
    m_PVREnvironmentReferencePointCount: 2048
    m_PVRFilteringMode: 1
    m_PVRDenoiserTypeDirect: 1
    m_PVRDenoiserTypeIndirect: 1
    m_PVRDenoiserTypeAO: 1
    m_PVRFilterTypeDirect: 0
    m_PVRFilterTypeIndirect: 0
    m_PVRFilterTypeAO: 0
    m_PVREnvironmentMIS: 1
    m_PVRCulling: 1
    m_PVRFilteringGaussRadiusDirect: 1
    m_PVRFilteringGaussRadiusIndirect: 5
    m_PVRFilteringGaussRadiusAO: 2
    m_PVRFilteringAtrousPositionSigmaDirect: 0.5
    m_PVRFilteringAtrousPositionSigmaIndirect: 2
    m_PVRFilteringAtrousPositionSigmaAO: 1
    m_ExportTrainingData: 0
    m_TrainingDataDestination: TrainingData
  m_LightingDataAsset: {fileID: 0}
  m_UseShadowmask: 1
--- !u!196 &4
NavMeshSettings:
  serializedVersion: 2
  m_ObjectHideFlags: 0
  m_BuildSettings:
    serializedVersion: 2
    agentTypeID: 0
    agentRadius: 0.5
    agentHeight: 2
    agentSlope: 45
    agentClimb: 0.4
    ledgeDropHeight: 0
    maxJumpAcrossDistance: 0
    minRegionArea: 2
    manualCellSize: 0
    cellSize: 0.16666667
    manualTileSize: 0
    tileSize: 256
    accuratePlacement: 0
    debug:
      m_Flags: 0
  m_NavMeshData: {fileID: 0}
--- !u!1001 &130883767
PrefabInstance:
  m_ObjectHideFlags: 0
  serializedVersion: 2
  m_Modification:
    m_TransformParent: {fileID: 0}
    m_Modifications:
    - target: {fileID: 3722426186315475320, guid: 5dbf7edc9afdfac479210ecc80a5ae8e,
        type: 3}
      propertyPath: m_Name
      value: Seat (2)
      objectReference: {fileID: 0}
    - target: {fileID: 3722426186315475319, guid: 5dbf7edc9afdfac479210ecc80a5ae8e,
        type: 3}
      propertyPath: m_LocalPosition.x
      value: 4.48
      objectReference: {fileID: 0}
    - target: {fileID: 3722426186315475319, guid: 5dbf7edc9afdfac479210ecc80a5ae8e,
        type: 3}
      propertyPath: m_LocalPosition.y
      value: -1.28
      objectReference: {fileID: 0}
    - target: {fileID: 3722426186315475319, guid: 5dbf7edc9afdfac479210ecc80a5ae8e,
        type: 3}
      propertyPath: m_LocalPosition.z
      value: 0
      objectReference: {fileID: 0}
    - target: {fileID: 3722426186315475319, guid: 5dbf7edc9afdfac479210ecc80a5ae8e,
        type: 3}
      propertyPath: m_LocalRotation.x
      value: 0
      objectReference: {fileID: 0}
    - target: {fileID: 3722426186315475319, guid: 5dbf7edc9afdfac479210ecc80a5ae8e,
        type: 3}
      propertyPath: m_LocalRotation.y
      value: 0
      objectReference: {fileID: 0}
    - target: {fileID: 3722426186315475319, guid: 5dbf7edc9afdfac479210ecc80a5ae8e,
        type: 3}
      propertyPath: m_LocalRotation.z
      value: 0
      objectReference: {fileID: 0}
    - target: {fileID: 3722426186315475319, guid: 5dbf7edc9afdfac479210ecc80a5ae8e,
        type: 3}
      propertyPath: m_LocalRotation.w
      value: 1
      objectReference: {fileID: 0}
    - target: {fileID: 3722426186315475319, guid: 5dbf7edc9afdfac479210ecc80a5ae8e,
        type: 3}
      propertyPath: m_RootOrder
      value: 10
      objectReference: {fileID: 0}
    - target: {fileID: 3722426186315475319, guid: 5dbf7edc9afdfac479210ecc80a5ae8e,
        type: 3}
      propertyPath: m_LocalEulerAnglesHint.x
      value: 0
      objectReference: {fileID: 0}
    - target: {fileID: 3722426186315475319, guid: 5dbf7edc9afdfac479210ecc80a5ae8e,
        type: 3}
      propertyPath: m_LocalEulerAnglesHint.y
      value: 0
      objectReference: {fileID: 0}
    - target: {fileID: 3722426186315475319, guid: 5dbf7edc9afdfac479210ecc80a5ae8e,
        type: 3}
      propertyPath: m_LocalEulerAnglesHint.z
      value: 0
      objectReference: {fileID: 0}
    - target: {fileID: 3722426186315475319, guid: 5dbf7edc9afdfac479210ecc80a5ae8e,
        type: 3}
      propertyPath: m_LocalScale.y
      value: 0.25576097
      objectReference: {fileID: 0}
    - target: {fileID: 3722426186315475319, guid: 5dbf7edc9afdfac479210ecc80a5ae8e,
        type: 3}
      propertyPath: m_LocalScale.x
      value: 0.31599814
      objectReference: {fileID: 0}
    - target: {fileID: 3722426186315475319, guid: 5dbf7edc9afdfac479210ecc80a5ae8e,
        type: 3}
      propertyPath: m_LocalScale.z
      value: 0.28727102
      objectReference: {fileID: 0}
    - target: {fileID: 3081655022227001512, guid: 5dbf7edc9afdfac479210ecc80a5ae8e,
        type: 3}
      propertyPath: m_Offset.y
      value: -3.9812026
      objectReference: {fileID: 0}
    - target: {fileID: 3081655022227001512, guid: 5dbf7edc9afdfac479210ecc80a5ae8e,
        type: 3}
      propertyPath: m_Size.y
      value: 1
      objectReference: {fileID: 0}
    - target: {fileID: 3081655022227001512, guid: 5dbf7edc9afdfac479210ecc80a5ae8e,
        type: 3}
      propertyPath: m_Offset.x
      value: -0.3625338
      objectReference: {fileID: 0}
    - target: {fileID: 3081655022227001512, guid: 5dbf7edc9afdfac479210ecc80a5ae8e,
        type: 3}
      propertyPath: m_Size.x
      value: 1
      objectReference: {fileID: 0}
    - target: {fileID: 198055096730483740, guid: 5dbf7edc9afdfac479210ecc80a5ae8e,
        type: 3}
      propertyPath: m_Sprite
      value: 
      objectReference: {fileID: 0}
    - target: {fileID: 198055096730483740, guid: 5dbf7edc9afdfac479210ecc80a5ae8e,
        type: 3}
      propertyPath: m_WasSpriteAssigned
      value: 0
      objectReference: {fileID: 0}
    m_RemovedComponents: []
  m_SourcePrefab: {fileID: 100100000, guid: 5dbf7edc9afdfac479210ecc80a5ae8e, type: 3}
--- !u!1 &171833767 stripped
GameObject:
  m_CorrespondingSourceObject: {fileID: 2931463896368493285, guid: 97acc2349c147674fbbd9005327571bf,
    type: 3}
  m_PrefabInstance: {fileID: 582857279}
  m_PrefabAsset: {fileID: 0}
--- !u!1001 &228751969
PrefabInstance:
  m_ObjectHideFlags: 0
  serializedVersion: 2
  m_Modification:
    m_TransformParent: {fileID: 0}
    m_Modifications:
    - target: {fileID: 8033084179639432257, guid: 77f9021b8da16284dbfa67883d9a94d9,
        type: 3}
      propertyPath: m_Name
      value: UI
      objectReference: {fileID: 0}
    - target: {fileID: 8033084179639432268, guid: 77f9021b8da16284dbfa67883d9a94d9,
        type: 3}
      propertyPath: m_LocalPosition.x
      value: 0
      objectReference: {fileID: 0}
    - target: {fileID: 8033084179639432268, guid: 77f9021b8da16284dbfa67883d9a94d9,
        type: 3}
      propertyPath: m_LocalPosition.y
      value: 0
      objectReference: {fileID: 0}
    - target: {fileID: 8033084179639432268, guid: 77f9021b8da16284dbfa67883d9a94d9,
        type: 3}
      propertyPath: m_LocalPosition.z
      value: 0
      objectReference: {fileID: 0}
    - target: {fileID: 8033084179639432268, guid: 77f9021b8da16284dbfa67883d9a94d9,
        type: 3}
      propertyPath: m_LocalRotation.x
      value: 0
      objectReference: {fileID: 0}
    - target: {fileID: 8033084179639432268, guid: 77f9021b8da16284dbfa67883d9a94d9,
        type: 3}
      propertyPath: m_LocalRotation.y
      value: 0
      objectReference: {fileID: 0}
    - target: {fileID: 8033084179639432268, guid: 77f9021b8da16284dbfa67883d9a94d9,
        type: 3}
      propertyPath: m_LocalRotation.z
      value: 0
      objectReference: {fileID: 0}
    - target: {fileID: 8033084179639432268, guid: 77f9021b8da16284dbfa67883d9a94d9,
        type: 3}
      propertyPath: m_LocalRotation.w
      value: 1
      objectReference: {fileID: 0}
    - target: {fileID: 8033084179639432268, guid: 77f9021b8da16284dbfa67883d9a94d9,
        type: 3}
      propertyPath: m_RootOrder
      value: 1
      objectReference: {fileID: 0}
    - target: {fileID: 8033084179639432268, guid: 77f9021b8da16284dbfa67883d9a94d9,
        type: 3}
      propertyPath: m_LocalEulerAnglesHint.x
      value: 0
      objectReference: {fileID: 0}
    - target: {fileID: 8033084179639432268, guid: 77f9021b8da16284dbfa67883d9a94d9,
        type: 3}
      propertyPath: m_LocalEulerAnglesHint.y
      value: 0
      objectReference: {fileID: 0}
    - target: {fileID: 8033084179639432268, guid: 77f9021b8da16284dbfa67883d9a94d9,
        type: 3}
      propertyPath: m_LocalEulerAnglesHint.z
      value: 0
      objectReference: {fileID: 0}
    - target: {fileID: 8033084179639432268, guid: 77f9021b8da16284dbfa67883d9a94d9,
        type: 3}
      propertyPath: m_AnchoredPosition.x
      value: 0
      objectReference: {fileID: 0}
    - target: {fileID: 8033084179639432268, guid: 77f9021b8da16284dbfa67883d9a94d9,
        type: 3}
      propertyPath: m_AnchoredPosition.y
      value: 0
      objectReference: {fileID: 0}
    - target: {fileID: 8033084179639432268, guid: 77f9021b8da16284dbfa67883d9a94d9,
        type: 3}
      propertyPath: m_SizeDelta.x
      value: 0
      objectReference: {fileID: 0}
    - target: {fileID: 8033084179639432268, guid: 77f9021b8da16284dbfa67883d9a94d9,
        type: 3}
      propertyPath: m_SizeDelta.y
      value: 0
      objectReference: {fileID: 0}
    - target: {fileID: 8033084179639432268, guid: 77f9021b8da16284dbfa67883d9a94d9,
        type: 3}
      propertyPath: m_AnchorMin.x
      value: 0
      objectReference: {fileID: 0}
    - target: {fileID: 8033084179639432268, guid: 77f9021b8da16284dbfa67883d9a94d9,
        type: 3}
      propertyPath: m_AnchorMin.y
      value: 0
      objectReference: {fileID: 0}
    - target: {fileID: 8033084179639432268, guid: 77f9021b8da16284dbfa67883d9a94d9,
        type: 3}
      propertyPath: m_AnchorMax.x
      value: 0
      objectReference: {fileID: 0}
    - target: {fileID: 8033084179639432268, guid: 77f9021b8da16284dbfa67883d9a94d9,
        type: 3}
      propertyPath: m_AnchorMax.y
      value: 0
      objectReference: {fileID: 0}
    - target: {fileID: 8033084179639432268, guid: 77f9021b8da16284dbfa67883d9a94d9,
        type: 3}
      propertyPath: m_Pivot.x
      value: 0
      objectReference: {fileID: 0}
    - target: {fileID: 8033084179639432268, guid: 77f9021b8da16284dbfa67883d9a94d9,
        type: 3}
      propertyPath: m_Pivot.y
      value: 0
      objectReference: {fileID: 0}
    - target: {fileID: 8033084179639432268, guid: 77f9021b8da16284dbfa67883d9a94d9,
        type: 3}
      propertyPath: m_LocalScale.x
      value: 0
      objectReference: {fileID: 0}
    - target: {fileID: 8033084179639432268, guid: 77f9021b8da16284dbfa67883d9a94d9,
        type: 3}
      propertyPath: m_LocalScale.y
      value: 0
      objectReference: {fileID: 0}
    - target: {fileID: 8033084179639432268, guid: 77f9021b8da16284dbfa67883d9a94d9,
        type: 3}
      propertyPath: m_LocalScale.z
      value: 0
      objectReference: {fileID: 0}
    - target: {fileID: 8033084179639432269, guid: 77f9021b8da16284dbfa67883d9a94d9,
        type: 3}
      propertyPath: m_SortingOrder
      value: -1
      objectReference: {fileID: 0}
    - target: {fileID: 8033084179639432269, guid: 77f9021b8da16284dbfa67883d9a94d9,
        type: 3}
      propertyPath: m_Camera
      value: 
      objectReference: {fileID: 1730085266}
    - target: {fileID: 8033084179639432269, guid: 77f9021b8da16284dbfa67883d9a94d9,
        type: 3}
      propertyPath: m_RenderMode
      value: 1
      objectReference: {fileID: 0}
    - target: {fileID: 8033084181023502772, guid: 77f9021b8da16284dbfa67883d9a94d9,
        type: 3}
      propertyPath: m_MaxBusHappiness
      value: 5
      objectReference: {fileID: 0}
    - target: {fileID: 406618776, guid: 77f9021b8da16284dbfa67883d9a94d9, type: 3}
      propertyPath: _locations.Array.data[0]
      value: 
      objectReference: {fileID: 941244694}
    - target: {fileID: 406618776, guid: 77f9021b8da16284dbfa67883d9a94d9, type: 3}
      propertyPath: _locations.Array.data[1]
      value: 
      objectReference: {fileID: 1312904198}
    - target: {fileID: 406618776, guid: 77f9021b8da16284dbfa67883d9a94d9, type: 3}
      propertyPath: _locations.Array.data[2]
      value: 
      objectReference: {fileID: 171833767}
    - target: {fileID: 406618776, guid: 77f9021b8da16284dbfa67883d9a94d9, type: 3}
      propertyPath: _locations.Array.data[3]
      value: 
      objectReference: {fileID: 1670664467}
    - target: {fileID: 406618776, guid: 77f9021b8da16284dbfa67883d9a94d9, type: 3}
      propertyPath: _locations.Array.data[4]
      value: 
      objectReference: {fileID: 1975938978}
    m_RemovedComponents: []
  m_SourcePrefab: {fileID: 100100000, guid: 77f9021b8da16284dbfa67883d9a94d9, type: 3}
--- !u!1001 &244374464
PrefabInstance:
  m_ObjectHideFlags: 0
  serializedVersion: 2
  m_Modification:
    m_TransformParent: {fileID: 0}
    m_Modifications:
    - target: {fileID: 2931463896368493285, guid: 97acc2349c147674fbbd9005327571bf,
        type: 3}
      propertyPath: m_Name
      value: StandingSpot
      objectReference: {fileID: 0}
    - target: {fileID: 504816675290066713, guid: 97acc2349c147674fbbd9005327571bf,
        type: 3}
      propertyPath: m_LocalPosition.x
      value: -7.63
      objectReference: {fileID: 0}
    - target: {fileID: 504816675290066713, guid: 97acc2349c147674fbbd9005327571bf,
        type: 3}
      propertyPath: m_LocalPosition.y
      value: -3.5500102
      objectReference: {fileID: 0}
    - target: {fileID: 504816675290066713, guid: 97acc2349c147674fbbd9005327571bf,
        type: 3}
      propertyPath: m_LocalPosition.z
      value: 0
      objectReference: {fileID: 0}
    - target: {fileID: 504816675290066713, guid: 97acc2349c147674fbbd9005327571bf,
        type: 3}
      propertyPath: m_LocalRotation.x
      value: 0
      objectReference: {fileID: 0}
    - target: {fileID: 504816675290066713, guid: 97acc2349c147674fbbd9005327571bf,
        type: 3}
      propertyPath: m_LocalRotation.y
      value: 0
      objectReference: {fileID: 0}
    - target: {fileID: 504816675290066713, guid: 97acc2349c147674fbbd9005327571bf,
        type: 3}
      propertyPath: m_LocalRotation.z
      value: 0
      objectReference: {fileID: 0}
    - target: {fileID: 504816675290066713, guid: 97acc2349c147674fbbd9005327571bf,
        type: 3}
      propertyPath: m_LocalRotation.w
      value: 1
      objectReference: {fileID: 0}
    - target: {fileID: 504816675290066713, guid: 97acc2349c147674fbbd9005327571bf,
        type: 3}
      propertyPath: m_RootOrder
      value: 7
      objectReference: {fileID: 0}
    - target: {fileID: 504816675290066713, guid: 97acc2349c147674fbbd9005327571bf,
        type: 3}
      propertyPath: m_LocalEulerAnglesHint.x
      value: 0
      objectReference: {fileID: 0}
    - target: {fileID: 504816675290066713, guid: 97acc2349c147674fbbd9005327571bf,
        type: 3}
      propertyPath: m_LocalEulerAnglesHint.y
      value: 0
      objectReference: {fileID: 0}
    - target: {fileID: 504816675290066713, guid: 97acc2349c147674fbbd9005327571bf,
        type: 3}
      propertyPath: m_LocalEulerAnglesHint.z
      value: 0
      objectReference: {fileID: 0}
    m_RemovedComponents: []
  m_SourcePrefab: {fileID: 100100000, guid: 97acc2349c147674fbbd9005327571bf, type: 3}
--- !u!1001 &275099902
PrefabInstance:
  m_ObjectHideFlags: 0
  serializedVersion: 2
  m_Modification:
    m_TransformParent: {fileID: 0}
    m_Modifications:
    - target: {fileID: 3722426186315475320, guid: 5dbf7edc9afdfac479210ecc80a5ae8e,
        type: 3}
      propertyPath: m_Name
      value: Seat (3)
      objectReference: {fileID: 0}
    - target: {fileID: 3722426186315475319, guid: 5dbf7edc9afdfac479210ecc80a5ae8e,
        type: 3}
      propertyPath: m_LocalPosition.x
      value: 6.04
      objectReference: {fileID: 0}
    - target: {fileID: 3722426186315475319, guid: 5dbf7edc9afdfac479210ecc80a5ae8e,
        type: 3}
      propertyPath: m_LocalPosition.y
      value: -0.91
      objectReference: {fileID: 0}
    - target: {fileID: 3722426186315475319, guid: 5dbf7edc9afdfac479210ecc80a5ae8e,
        type: 3}
      propertyPath: m_LocalPosition.z
      value: 0
      objectReference: {fileID: 0}
    - target: {fileID: 3722426186315475319, guid: 5dbf7edc9afdfac479210ecc80a5ae8e,
        type: 3}
      propertyPath: m_LocalRotation.x
      value: 0
      objectReference: {fileID: 0}
    - target: {fileID: 3722426186315475319, guid: 5dbf7edc9afdfac479210ecc80a5ae8e,
        type: 3}
      propertyPath: m_LocalRotation.y
      value: 0
      objectReference: {fileID: 0}
    - target: {fileID: 3722426186315475319, guid: 5dbf7edc9afdfac479210ecc80a5ae8e,
        type: 3}
      propertyPath: m_LocalRotation.z
      value: 0
      objectReference: {fileID: 0}
    - target: {fileID: 3722426186315475319, guid: 5dbf7edc9afdfac479210ecc80a5ae8e,
        type: 3}
      propertyPath: m_LocalRotation.w
      value: 1
      objectReference: {fileID: 0}
    - target: {fileID: 3722426186315475319, guid: 5dbf7edc9afdfac479210ecc80a5ae8e,
        type: 3}
      propertyPath: m_RootOrder
      value: 11
      objectReference: {fileID: 0}
    - target: {fileID: 3722426186315475319, guid: 5dbf7edc9afdfac479210ecc80a5ae8e,
        type: 3}
      propertyPath: m_LocalEulerAnglesHint.x
      value: 0
      objectReference: {fileID: 0}
    - target: {fileID: 3722426186315475319, guid: 5dbf7edc9afdfac479210ecc80a5ae8e,
        type: 3}
      propertyPath: m_LocalEulerAnglesHint.y
      value: 0
      objectReference: {fileID: 0}
    - target: {fileID: 3722426186315475319, guid: 5dbf7edc9afdfac479210ecc80a5ae8e,
        type: 3}
      propertyPath: m_LocalEulerAnglesHint.z
      value: 0
      objectReference: {fileID: 0}
    - target: {fileID: 3722426186315475319, guid: 5dbf7edc9afdfac479210ecc80a5ae8e,
        type: 3}
      propertyPath: m_LocalScale.x
      value: 0.26232886
      objectReference: {fileID: 0}
    - target: {fileID: 3722426186315475319, guid: 5dbf7edc9afdfac479210ecc80a5ae8e,
        type: 3}
      propertyPath: m_LocalScale.y
      value: 0.23734516
      objectReference: {fileID: 0}
    - target: {fileID: 3722426186315475319, guid: 5dbf7edc9afdfac479210ecc80a5ae8e,
        type: 3}
      propertyPath: m_LocalScale.z
      value: 0.24983701
      objectReference: {fileID: 0}
    - target: {fileID: 3081655022227001512, guid: 5dbf7edc9afdfac479210ecc80a5ae8e,
        type: 3}
      propertyPath: m_Offset.y
      value: -2.8906488
      objectReference: {fileID: 0}
    - target: {fileID: 3081655022227001512, guid: 5dbf7edc9afdfac479210ecc80a5ae8e,
        type: 3}
      propertyPath: m_Size.y
      value: 1
      objectReference: {fileID: 0}
    - target: {fileID: 3081655022227001512, guid: 5dbf7edc9afdfac479210ecc80a5ae8e,
        type: 3}
      propertyPath: m_Offset.x
      value: -0.5298567
      objectReference: {fileID: 0}
    - target: {fileID: 3081655022227001512, guid: 5dbf7edc9afdfac479210ecc80a5ae8e,
        type: 3}
      propertyPath: m_Size.x
      value: 1
      objectReference: {fileID: 0}
    - target: {fileID: 198055096730483740, guid: 5dbf7edc9afdfac479210ecc80a5ae8e,
        type: 3}
      propertyPath: m_Sprite
      value: 
      objectReference: {fileID: 0}
    - target: {fileID: 198055096730483740, guid: 5dbf7edc9afdfac479210ecc80a5ae8e,
        type: 3}
      propertyPath: m_WasSpriteAssigned
      value: 0
      objectReference: {fileID: 0}
    m_RemovedComponents: []
  m_SourcePrefab: {fileID: 100100000, guid: 5dbf7edc9afdfac479210ecc80a5ae8e, type: 3}
--- !u!1 &317961525
GameObject:
  m_ObjectHideFlags: 0
  m_CorrespondingSourceObject: {fileID: 0}
  m_PrefabInstance: {fileID: 0}
  m_PrefabAsset: {fileID: 0}
  serializedVersion: 6
  m_Component:
  - component: {fileID: 317961530}
  - component: {fileID: 317961529}
  - component: {fileID: 317961528}
  - component: {fileID: 317961527}
  - component: {fileID: 317961526}
  m_Layer: 5
  m_Name: UICanvas
  m_TagString: Untagged
  m_Icon: {fileID: 0}
  m_NavMeshLayer: 0
  m_StaticEditorFlags: 0
  m_IsActive: 1
--- !u!114 &317961526
MonoBehaviour:
  m_ObjectHideFlags: 0
  m_CorrespondingSourceObject: {fileID: 0}
  m_PrefabInstance: {fileID: 0}
  m_PrefabAsset: {fileID: 0}
  m_GameObject: {fileID: 317961525}
  m_Enabled: 1
  m_EditorHideFlags: 0
  m_Script: {fileID: 11500000, guid: ed4d3d9fbba1f9b4295bc0db17eb2d12, type: 3}
  m_Name: 
  m_EditorClassIdentifier: 
  BusSprite: {fileID: 0}
  StreetPrefab: {fileID: 0}
  Streets: {fileID: 0}
  BusAnimator: {fileID: 0}
  m_timeTillStop: 30
  m_endBus: {fileID: 0}
  m_lastStreet: {fileID: 0}
  m_timeForStop: 0
  m_speed: 4
--- !u!114 &317961527
MonoBehaviour:
  m_ObjectHideFlags: 0
  m_CorrespondingSourceObject: {fileID: 0}
  m_PrefabInstance: {fileID: 0}
  m_PrefabAsset: {fileID: 0}
  m_GameObject: {fileID: 317961525}
  m_Enabled: 1
  m_EditorHideFlags: 0
  m_Script: {fileID: 11500000, guid: dc42784cf147c0c48a680349fa168899, type: 3}
  m_Name: 
  m_EditorClassIdentifier: 
  m_IgnoreReversedGraphics: 1
  m_BlockingObjects: 0
  m_BlockingMask:
    serializedVersion: 2
    m_Bits: 4294967295
--- !u!114 &317961528
MonoBehaviour:
  m_ObjectHideFlags: 0
  m_CorrespondingSourceObject: {fileID: 0}
  m_PrefabInstance: {fileID: 0}
  m_PrefabAsset: {fileID: 0}
  m_GameObject: {fileID: 317961525}
  m_Enabled: 1
  m_EditorHideFlags: 0
  m_Script: {fileID: 11500000, guid: 0cd44c1031e13a943bb63640046fad76, type: 3}
  m_Name: 
  m_EditorClassIdentifier: 
  m_UiScaleMode: 1
  m_ReferencePixelsPerUnit: 100
  m_ScaleFactor: 1
  m_ReferenceResolution: {x: 1920, y: 1080}
  m_ScreenMatchMode: 0
  m_MatchWidthOrHeight: 1
  m_PhysicalUnit: 3
  m_FallbackScreenDPI: 96
  m_DefaultSpriteDPI: 96
  m_DynamicPixelsPerUnit: 1
--- !u!223 &317961529
Canvas:
  m_ObjectHideFlags: 0
  m_CorrespondingSourceObject: {fileID: 0}
  m_PrefabInstance: {fileID: 0}
  m_PrefabAsset: {fileID: 0}
  m_GameObject: {fileID: 317961525}
  m_Enabled: 1
  serializedVersion: 3
  m_RenderMode: 1
  m_Camera: {fileID: 1730085266}
  m_PlaneDistance: 100
  m_PixelPerfect: 0
  m_ReceivesEvents: 1
  m_OverrideSorting: 0
  m_OverridePixelPerfect: 0
  m_SortingBucketNormalizedSize: 0
  m_AdditionalShaderChannelsFlag: 0
  m_SortingLayerID: 0
  m_SortingOrder: 0
  m_TargetDisplay: 0
--- !u!224 &317961530
RectTransform:
  m_ObjectHideFlags: 0
  m_CorrespondingSourceObject: {fileID: 0}
  m_PrefabInstance: {fileID: 0}
  m_PrefabAsset: {fileID: 0}
  m_GameObject: {fileID: 317961525}
  m_LocalRotation: {x: 0, y: 0, z: 0, w: 1}
  m_LocalPosition: {x: 0, y: 0, z: 0}
  m_LocalScale: {x: 0, y: 0, z: 0}
  m_Children:
  - {fileID: 850003311}
  - {fileID: 1581316893}
  - {fileID: 745140437}
  - {fileID: 894645418}
  m_Father: {fileID: 0}
  m_RootOrder: 2
  m_LocalEulerAnglesHint: {x: 0, y: 0, z: 0}
  m_AnchorMin: {x: 0, y: 0}
  m_AnchorMax: {x: 0, y: 0}
  m_AnchoredPosition: {x: 0, y: 0}
  m_SizeDelta: {x: 0, y: 0}
  m_Pivot: {x: 0, y: 0}
--- !u!1 &361480301
GameObject:
  m_ObjectHideFlags: 0
  m_CorrespondingSourceObject: {fileID: 0}
  m_PrefabInstance: {fileID: 0}
  m_PrefabAsset: {fileID: 0}
  serializedVersion: 6
  m_Component:
  - component: {fileID: 361480302}
  - component: {fileID: 361480304}
  - component: {fileID: 361480303}
  m_Layer: 5
  m_Name: Image
  m_TagString: Untagged
  m_Icon: {fileID: 0}
  m_NavMeshLayer: 0
  m_StaticEditorFlags: 0
  m_IsActive: 1
--- !u!224 &361480302
RectTransform:
  m_ObjectHideFlags: 0
  m_CorrespondingSourceObject: {fileID: 0}
  m_PrefabInstance: {fileID: 0}
  m_PrefabAsset: {fileID: 0}
  m_GameObject: {fileID: 361480301}
  m_LocalRotation: {x: -0, y: -0, z: -0, w: 1}
  m_LocalPosition: {x: 0, y: 0, z: 0}
  m_LocalScale: {x: 1, y: 1, z: 1}
  m_Children: []
  m_Father: {fileID: 1581316893}
  m_RootOrder: 0
  m_LocalEulerAnglesHint: {x: 0, y: 0, z: 0}
  m_AnchorMin: {x: 0, y: 0}
  m_AnchorMax: {x: 0, y: 0}
  m_AnchoredPosition: {x: 0, y: 0}
  m_SizeDelta: {x: 800, y: 800}
  m_Pivot: {x: 0, y: 0}
--- !u!114 &361480303
MonoBehaviour:
  m_ObjectHideFlags: 0
  m_CorrespondingSourceObject: {fileID: 0}
  m_PrefabInstance: {fileID: 0}
  m_PrefabAsset: {fileID: 0}
  m_GameObject: {fileID: 361480301}
  m_Enabled: 1
  m_EditorHideFlags: 0
  m_Script: {fileID: 11500000, guid: fe87c0e1cc204ed48ad3b37840f39efc, type: 3}
  m_Name: 
  m_EditorClassIdentifier: 
  m_Material: {fileID: 0}
  m_Color: {r: 1, g: 1, b: 1, a: 1}
  m_RaycastTarget: 1
  m_OnCullStateChanged:
    m_PersistentCalls:
      m_Calls: []
  m_Sprite: {fileID: 21300000, guid: dbe7530fb4beb8f47ab4091f3d5f254c, type: 3}
  m_Type: 0
  m_PreserveAspect: 0
  m_FillCenter: 1
  m_FillMethod: 4
  m_FillAmount: 1
  m_FillClockwise: 1
  m_FillOrigin: 0
  m_UseSpriteMesh: 0
  m_PixelsPerUnitMultiplier: 1
--- !u!222 &361480304
CanvasRenderer:
  m_ObjectHideFlags: 0
  m_CorrespondingSourceObject: {fileID: 0}
  m_PrefabInstance: {fileID: 0}
  m_PrefabAsset: {fileID: 0}
  m_GameObject: {fileID: 361480301}
  m_CullTransparentMesh: 0
--- !u!1001 &453229666
PrefabInstance:
  m_ObjectHideFlags: 0
  serializedVersion: 2
  m_Modification:
    m_TransformParent: {fileID: 0}
    m_Modifications:
    - target: {fileID: 3722426186315475320, guid: 5dbf7edc9afdfac479210ecc80a5ae8e,
        type: 3}
      propertyPath: m_Name
      value: Seat (4)
      objectReference: {fileID: 0}
    - target: {fileID: 3722426186315475319, guid: 5dbf7edc9afdfac479210ecc80a5ae8e,
        type: 3}
      propertyPath: m_LocalPosition.x
      value: 6.9
      objectReference: {fileID: 0}
    - target: {fileID: 3722426186315475319, guid: 5dbf7edc9afdfac479210ecc80a5ae8e,
        type: 3}
      propertyPath: m_LocalPosition.y
      value: -1.55
      objectReference: {fileID: 0}
    - target: {fileID: 3722426186315475319, guid: 5dbf7edc9afdfac479210ecc80a5ae8e,
        type: 3}
      propertyPath: m_LocalPosition.z
      value: 0
      objectReference: {fileID: 0}
    - target: {fileID: 3722426186315475319, guid: 5dbf7edc9afdfac479210ecc80a5ae8e,
        type: 3}
      propertyPath: m_LocalRotation.x
      value: 0
      objectReference: {fileID: 0}
    - target: {fileID: 3722426186315475319, guid: 5dbf7edc9afdfac479210ecc80a5ae8e,
        type: 3}
      propertyPath: m_LocalRotation.y
      value: 0
      objectReference: {fileID: 0}
    - target: {fileID: 3722426186315475319, guid: 5dbf7edc9afdfac479210ecc80a5ae8e,
        type: 3}
      propertyPath: m_LocalRotation.z
      value: 0
      objectReference: {fileID: 0}
    - target: {fileID: 3722426186315475319, guid: 5dbf7edc9afdfac479210ecc80a5ae8e,
        type: 3}
      propertyPath: m_LocalRotation.w
      value: 1
      objectReference: {fileID: 0}
    - target: {fileID: 3722426186315475319, guid: 5dbf7edc9afdfac479210ecc80a5ae8e,
        type: 3}
      propertyPath: m_RootOrder
      value: 12
      objectReference: {fileID: 0}
    - target: {fileID: 3722426186315475319, guid: 5dbf7edc9afdfac479210ecc80a5ae8e,
        type: 3}
      propertyPath: m_LocalEulerAnglesHint.x
      value: 0
      objectReference: {fileID: 0}
    - target: {fileID: 3722426186315475319, guid: 5dbf7edc9afdfac479210ecc80a5ae8e,
        type: 3}
      propertyPath: m_LocalEulerAnglesHint.y
      value: 0
      objectReference: {fileID: 0}
    - target: {fileID: 3722426186315475319, guid: 5dbf7edc9afdfac479210ecc80a5ae8e,
        type: 3}
      propertyPath: m_LocalEulerAnglesHint.z
      value: 0
      objectReference: {fileID: 0}
    - target: {fileID: 3722426186315475319, guid: 5dbf7edc9afdfac479210ecc80a5ae8e,
        type: 3}
      propertyPath: m_LocalScale.x
      value: 0.228069
      objectReference: {fileID: 0}
    - target: {fileID: 3722426186315475319, guid: 5dbf7edc9afdfac479210ecc80a5ae8e,
        type: 3}
      propertyPath: m_LocalScale.y
      value: 0.228069
      objectReference: {fileID: 0}
    - target: {fileID: 3722426186315475319, guid: 5dbf7edc9afdfac479210ecc80a5ae8e,
        type: 3}
      propertyPath: m_LocalScale.z
      value: 0.228069
      objectReference: {fileID: 0}
    - target: {fileID: 3081655022227001512, guid: 5dbf7edc9afdfac479210ecc80a5ae8e,
        type: 3}
      propertyPath: m_Offset.y
      value: -3.9690988
      objectReference: {fileID: 0}
    - target: {fileID: 3081655022227001512, guid: 5dbf7edc9afdfac479210ecc80a5ae8e,
        type: 3}
      propertyPath: m_Size.y
      value: 1
      objectReference: {fileID: 0}
    - target: {fileID: 3081655022227001512, guid: 5dbf7edc9afdfac479210ecc80a5ae8e,
        type: 3}
      propertyPath: m_Offset.x
      value: -0.83182645
      objectReference: {fileID: 0}
    - target: {fileID: 3081655022227001512, guid: 5dbf7edc9afdfac479210ecc80a5ae8e,
        type: 3}
      propertyPath: m_Size.x
      value: 1
      objectReference: {fileID: 0}
    - target: {fileID: 198055096730483740, guid: 5dbf7edc9afdfac479210ecc80a5ae8e,
        type: 3}
      propertyPath: m_Sprite
      value: 
      objectReference: {fileID: 0}
    - target: {fileID: 198055096730483740, guid: 5dbf7edc9afdfac479210ecc80a5ae8e,
        type: 3}
      propertyPath: m_WasSpriteAssigned
      value: 0
      objectReference: {fileID: 0}
    m_RemovedComponents: []
  m_SourcePrefab: {fileID: 100100000, guid: 5dbf7edc9afdfac479210ecc80a5ae8e, type: 3}
--- !u!1001 &582857279
PrefabInstance:
  m_ObjectHideFlags: 0
  serializedVersion: 2
  m_Modification:
    m_TransformParent: {fileID: 0}
    m_Modifications:
    - target: {fileID: 2931463896368493285, guid: 97acc2349c147674fbbd9005327571bf,
        type: 3}
      propertyPath: m_Name
      value: StandingSpot (1)
      objectReference: {fileID: 0}
    - target: {fileID: 504816675290066713, guid: 97acc2349c147674fbbd9005327571bf,
        type: 3}
      propertyPath: m_LocalPosition.x
      value: -5.4
      objectReference: {fileID: 0}
    - target: {fileID: 504816675290066713, guid: 97acc2349c147674fbbd9005327571bf,
        type: 3}
      propertyPath: m_LocalPosition.y
      value: -3.532479
      objectReference: {fileID: 0}
    - target: {fileID: 504816675290066713, guid: 97acc2349c147674fbbd9005327571bf,
        type: 3}
      propertyPath: m_LocalPosition.z
      value: 0
      objectReference: {fileID: 0}
    - target: {fileID: 504816675290066713, guid: 97acc2349c147674fbbd9005327571bf,
        type: 3}
      propertyPath: m_LocalRotation.x
      value: 0
      objectReference: {fileID: 0}
    - target: {fileID: 504816675290066713, guid: 97acc2349c147674fbbd9005327571bf,
        type: 3}
      propertyPath: m_LocalRotation.y
      value: 0
      objectReference: {fileID: 0}
    - target: {fileID: 504816675290066713, guid: 97acc2349c147674fbbd9005327571bf,
        type: 3}
      propertyPath: m_LocalRotation.z
      value: 0
      objectReference: {fileID: 0}
    - target: {fileID: 504816675290066713, guid: 97acc2349c147674fbbd9005327571bf,
        type: 3}
      propertyPath: m_LocalRotation.w
      value: 1
      objectReference: {fileID: 0}
    - target: {fileID: 504816675290066713, guid: 97acc2349c147674fbbd9005327571bf,
        type: 3}
      propertyPath: m_RootOrder
      value: 6
      objectReference: {fileID: 0}
    - target: {fileID: 504816675290066713, guid: 97acc2349c147674fbbd9005327571bf,
        type: 3}
      propertyPath: m_LocalEulerAnglesHint.x
      value: 0
      objectReference: {fileID: 0}
    - target: {fileID: 504816675290066713, guid: 97acc2349c147674fbbd9005327571bf,
        type: 3}
      propertyPath: m_LocalEulerAnglesHint.y
      value: 0
      objectReference: {fileID: 0}
    - target: {fileID: 504816675290066713, guid: 97acc2349c147674fbbd9005327571bf,
        type: 3}
      propertyPath: m_LocalEulerAnglesHint.z
      value: 0
      objectReference: {fileID: 0}
    m_RemovedComponents: []
  m_SourcePrefab: {fileID: 100100000, guid: 97acc2349c147674fbbd9005327571bf, type: 3}
--- !u!1 &745140436
GameObject:
  m_ObjectHideFlags: 0
  m_CorrespondingSourceObject: {fileID: 0}
  m_PrefabInstance: {fileID: 0}
  m_PrefabAsset: {fileID: 0}
  serializedVersion: 6
  m_Component:
  - component: {fileID: 745140437}
  - component: {fileID: 745140439}
  - component: {fileID: 745140438}
  m_Layer: 5
  m_Name: Panel
  m_TagString: Untagged
  m_Icon: {fileID: 0}
  m_NavMeshLayer: 0
  m_StaticEditorFlags: 0
  m_IsActive: 1
--- !u!224 &745140437
RectTransform:
  m_ObjectHideFlags: 0
  m_CorrespondingSourceObject: {fileID: 0}
  m_PrefabInstance: {fileID: 0}
  m_PrefabAsset: {fileID: 0}
  m_GameObject: {fileID: 745140436}
  m_LocalRotation: {x: 0, y: 0, z: 0, w: 1}
  m_LocalPosition: {x: 0, y: 0, z: 0}
  m_LocalScale: {x: 1, y: 1, z: 1}
  m_Children: []
  m_Father: {fileID: 317961530}
  m_RootOrder: 2
  m_LocalEulerAnglesHint: {x: 0, y: 0, z: 0}
  m_AnchorMin: {x: 0, y: 0}
  m_AnchorMax: {x: 1, y: 1}
  m_AnchoredPosition: {x: 0, y: 0}
  m_SizeDelta: {x: 0, y: 0}
  m_Pivot: {x: 0.5, y: 0.5}
--- !u!114 &745140438
MonoBehaviour:
  m_ObjectHideFlags: 0
  m_CorrespondingSourceObject: {fileID: 0}
  m_PrefabInstance: {fileID: 0}
  m_PrefabAsset: {fileID: 0}
  m_GameObject: {fileID: 745140436}
  m_Enabled: 1
  m_EditorHideFlags: 0
  m_Script: {fileID: 11500000, guid: fe87c0e1cc204ed48ad3b37840f39efc, type: 3}
  m_Name: 
  m_EditorClassIdentifier: 
  m_Material: {fileID: 0}
  m_Color: {r: 1, g: 1, b: 1, a: 1}
  m_RaycastTarget: 1
  m_OnCullStateChanged:
    m_PersistentCalls:
      m_Calls: []
  m_Sprite: {fileID: 21300000, guid: 17748fbbfe432a84ba2b0422c897ea11, type: 3}
  m_Type: 0
  m_PreserveAspect: 0
  m_FillCenter: 1
  m_FillMethod: 4
  m_FillAmount: 1
  m_FillClockwise: 1
  m_FillOrigin: 0
  m_UseSpriteMesh: 0
  m_PixelsPerUnitMultiplier: 1
--- !u!222 &745140439
CanvasRenderer:
  m_ObjectHideFlags: 0
  m_CorrespondingSourceObject: {fileID: 0}
  m_PrefabInstance: {fileID: 0}
  m_PrefabAsset: {fileID: 0}
  m_GameObject: {fileID: 745140436}
  m_CullTransparentMesh: 0
--- !u!1 &850003310
GameObject:
  m_ObjectHideFlags: 0
  m_CorrespondingSourceObject: {fileID: 0}
  m_PrefabInstance: {fileID: 0}
  m_PrefabAsset: {fileID: 0}
  serializedVersion: 6
  m_Component:
  - component: {fileID: 850003311}
  - component: {fileID: 850003313}
  - component: {fileID: 850003312}
  m_Layer: 5
  m_Name: SittingArea
  m_TagString: Untagged
  m_Icon: {fileID: 0}
  m_NavMeshLayer: 0
  m_StaticEditorFlags: 0
  m_IsActive: 1
--- !u!224 &850003311
RectTransform:
  m_ObjectHideFlags: 0
  m_CorrespondingSourceObject: {fileID: 0}
  m_PrefabInstance: {fileID: 0}
  m_PrefabAsset: {fileID: 0}
  m_GameObject: {fileID: 850003310}
  m_LocalRotation: {x: 0, y: 0, z: 0, w: 1}
  m_LocalPosition: {x: 0, y: 0, z: 0}
  m_LocalScale: {x: 1, y: 1, z: 1}
  m_Children:
  - {fileID: 1745435582}
  m_Father: {fileID: 317961530}
  m_RootOrder: 0
  m_LocalEulerAnglesHint: {x: 0, y: 0, z: 0}
  m_AnchorMin: {x: 1, y: 0}
  m_AnchorMax: {x: 1, y: 0}
  m_AnchoredPosition: {x: 0, y: 0}
  m_SizeDelta: {x: 1120, y: 800}
  m_Pivot: {x: 1, y: 0}
--- !u!114 &850003312
MonoBehaviour:
  m_ObjectHideFlags: 0
  m_CorrespondingSourceObject: {fileID: 0}
  m_PrefabInstance: {fileID: 0}
  m_PrefabAsset: {fileID: 0}
  m_GameObject: {fileID: 850003310}
  m_Enabled: 1
  m_EditorHideFlags: 0
  m_Script: {fileID: 11500000, guid: fe87c0e1cc204ed48ad3b37840f39efc, type: 3}
  m_Name: 
  m_EditorClassIdentifier: 
  m_Material: {fileID: 0}
  m_Color: {r: 1, g: 1, b: 1, a: 0.392}
  m_RaycastTarget: 1
  m_OnCullStateChanged:
    m_PersistentCalls:
      m_Calls: []
  m_Sprite: {fileID: 10907, guid: 0000000000000000f000000000000000, type: 0}
  m_Type: 1
  m_PreserveAspect: 0
  m_FillCenter: 1
  m_FillMethod: 4
  m_FillAmount: 1
  m_FillClockwise: 1
  m_FillOrigin: 0
  m_UseSpriteMesh: 0
  m_PixelsPerUnitMultiplier: 1
--- !u!222 &850003313
CanvasRenderer:
  m_ObjectHideFlags: 0
  m_CorrespondingSourceObject: {fileID: 0}
  m_PrefabInstance: {fileID: 0}
  m_PrefabAsset: {fileID: 0}
  m_GameObject: {fileID: 850003310}
  m_CullTransparentMesh: 0
--- !u!1001 &894645417
PrefabInstance:
  m_ObjectHideFlags: 0
  serializedVersion: 2
  m_Modification:
    m_TransformParent: {fileID: 317961530}
    m_Modifications:
    - target: {fileID: 2695954451901728217, guid: 5995872b43d3886498b1e8065c71695e,
        type: 3}
      propertyPath: m_Name
      value: HappinessMeter
      objectReference: {fileID: 0}
    - target: {fileID: 2695954451901728222, guid: 5995872b43d3886498b1e8065c71695e,
        type: 3}
      propertyPath: m_LocalPosition.x
      value: -391
      objectReference: {fileID: 0}
    - target: {fileID: 2695954451901728222, guid: 5995872b43d3886498b1e8065c71695e,
        type: 3}
      propertyPath: m_LocalPosition.y
      value: 229
      objectReference: {fileID: 0}
    - target: {fileID: 2695954451901728222, guid: 5995872b43d3886498b1e8065c71695e,
        type: 3}
      propertyPath: m_LocalPosition.z
      value: 14917.265
      objectReference: {fileID: 0}
    - target: {fileID: 2695954451901728222, guid: 5995872b43d3886498b1e8065c71695e,
        type: 3}
      propertyPath: m_LocalRotation.x
      value: -0
      objectReference: {fileID: 0}
    - target: {fileID: 2695954451901728222, guid: 5995872b43d3886498b1e8065c71695e,
        type: 3}
      propertyPath: m_LocalRotation.y
      value: -0
      objectReference: {fileID: 0}
    - target: {fileID: 2695954451901728222, guid: 5995872b43d3886498b1e8065c71695e,
        type: 3}
      propertyPath: m_LocalRotation.z
      value: -0
      objectReference: {fileID: 0}
    - target: {fileID: 2695954451901728222, guid: 5995872b43d3886498b1e8065c71695e,
        type: 3}
      propertyPath: m_LocalRotation.w
      value: 1
      objectReference: {fileID: 0}
    - target: {fileID: 2695954451901728222, guid: 5995872b43d3886498b1e8065c71695e,
        type: 3}
      propertyPath: m_RootOrder
      value: 3
      objectReference: {fileID: 0}
    - target: {fileID: 2695954451901728222, guid: 5995872b43d3886498b1e8065c71695e,
        type: 3}
      propertyPath: m_LocalEulerAnglesHint.x
      value: 0
      objectReference: {fileID: 0}
    - target: {fileID: 2695954451901728222, guid: 5995872b43d3886498b1e8065c71695e,
        type: 3}
      propertyPath: m_LocalEulerAnglesHint.y
      value: 0
      objectReference: {fileID: 0}
    - target: {fileID: 2695954451901728222, guid: 5995872b43d3886498b1e8065c71695e,
        type: 3}
      propertyPath: m_LocalEulerAnglesHint.z
      value: 0
      objectReference: {fileID: 0}
    - target: {fileID: 2695954450959818444, guid: 5995872b43d3886498b1e8065c71695e,
        type: 3}
      propertyPath: Bus
      value: 
      objectReference: {fileID: 1272749610}
    - target: {fileID: 2695954450959818444, guid: 5995872b43d3886498b1e8065c71695e,
        type: 3}
      propertyPath: _busBehaviour
      value: 
      objectReference: {fileID: 1272749614}
    m_RemovedComponents: []
  m_SourcePrefab: {fileID: 100100000, guid: 5995872b43d3886498b1e8065c71695e, type: 3}
--- !u!4 &894645418 stripped
Transform:
  m_CorrespondingSourceObject: {fileID: 2695954451901728222, guid: 5995872b43d3886498b1e8065c71695e,
    type: 3}
  m_PrefabInstance: {fileID: 894645417}
  m_PrefabAsset: {fileID: 0}
--- !u!1 &941244694 stripped
GameObject:
  m_CorrespondingSourceObject: {fileID: 2931463896368493285, guid: 97acc2349c147674fbbd9005327571bf,
    type: 3}
  m_PrefabInstance: {fileID: 244374464}
  m_PrefabAsset: {fileID: 0}
--- !u!1 &1272749610 stripped
GameObject:
  m_CorrespondingSourceObject: {fileID: 8033084181023502774, guid: 77f9021b8da16284dbfa67883d9a94d9,
    type: 3}
  m_PrefabInstance: {fileID: 228751969}
  m_PrefabAsset: {fileID: 0}
--- !u!114 &1272749614 stripped
MonoBehaviour:
  m_CorrespondingSourceObject: {fileID: 8033084181023502772, guid: 77f9021b8da16284dbfa67883d9a94d9,
    type: 3}
  m_PrefabInstance: {fileID: 228751969}
  m_PrefabAsset: {fileID: 0}
  m_GameObject: {fileID: 1272749610}
  m_Enabled: 1
  m_EditorHideFlags: 0
  m_Script: {fileID: 11500000, guid: 81cecb09e58a15e4899d294ee70bfc79, type: 3}
  m_Name: 
  m_EditorClassIdentifier: 
--- !u!1 &1312904198 stripped
GameObject:
  m_CorrespondingSourceObject: {fileID: 2931463896368493285, guid: 97acc2349c147674fbbd9005327571bf,
    type: 3}
  m_PrefabInstance: {fileID: 1350882936}
  m_PrefabAsset: {fileID: 0}
--- !u!1001 &1350882936
PrefabInstance:
  m_ObjectHideFlags: 0
  serializedVersion: 2
  m_Modification:
    m_TransformParent: {fileID: 0}
    m_Modifications:
    - target: {fileID: 2931463896368493285, guid: 97acc2349c147674fbbd9005327571bf,
        type: 3}
      propertyPath: m_Name
      value: StandingSpot (3)
      objectReference: {fileID: 0}
    - target: {fileID: 504816675290066713, guid: 97acc2349c147674fbbd9005327571bf,
        type: 3}
      propertyPath: m_LocalPosition.x
      value: -6.46
      objectReference: {fileID: 0}
    - target: {fileID: 504816675290066713, guid: 97acc2349c147674fbbd9005327571bf,
        type: 3}
      propertyPath: m_LocalPosition.y
      value: -2.533217
      objectReference: {fileID: 0}
    - target: {fileID: 504816675290066713, guid: 97acc2349c147674fbbd9005327571bf,
        type: 3}
      propertyPath: m_LocalPosition.z
      value: 0
      objectReference: {fileID: 0}
    - target: {fileID: 504816675290066713, guid: 97acc2349c147674fbbd9005327571bf,
        type: 3}
      propertyPath: m_LocalRotation.x
      value: 0
      objectReference: {fileID: 0}
    - target: {fileID: 504816675290066713, guid: 97acc2349c147674fbbd9005327571bf,
        type: 3}
      propertyPath: m_LocalRotation.y
      value: 0
      objectReference: {fileID: 0}
    - target: {fileID: 504816675290066713, guid: 97acc2349c147674fbbd9005327571bf,
        type: 3}
      propertyPath: m_LocalRotation.z
      value: 0
      objectReference: {fileID: 0}
    - target: {fileID: 504816675290066713, guid: 97acc2349c147674fbbd9005327571bf,
        type: 3}
      propertyPath: m_LocalRotation.w
      value: 1
      objectReference: {fileID: 0}
    - target: {fileID: 504816675290066713, guid: 97acc2349c147674fbbd9005327571bf,
        type: 3}
      propertyPath: m_RootOrder
      value: 4
      objectReference: {fileID: 0}
    - target: {fileID: 504816675290066713, guid: 97acc2349c147674fbbd9005327571bf,
        type: 3}
      propertyPath: m_LocalEulerAnglesHint.x
      value: 0
      objectReference: {fileID: 0}
    - target: {fileID: 504816675290066713, guid: 97acc2349c147674fbbd9005327571bf,
        type: 3}
      propertyPath: m_LocalEulerAnglesHint.y
      value: 0
      objectReference: {fileID: 0}
    - target: {fileID: 504816675290066713, guid: 97acc2349c147674fbbd9005327571bf,
        type: 3}
      propertyPath: m_LocalEulerAnglesHint.z
      value: 0
      objectReference: {fileID: 0}
    m_RemovedComponents: []
  m_SourcePrefab: {fileID: 100100000, guid: 97acc2349c147674fbbd9005327571bf, type: 3}
--- !u!1 &1581316892
GameObject:
  m_ObjectHideFlags: 0
  m_CorrespondingSourceObject: {fileID: 0}
  m_PrefabInstance: {fileID: 0}
  m_PrefabAsset: {fileID: 0}
  serializedVersion: 6
  m_Component:
  - component: {fileID: 1581316893}
  - component: {fileID: 1581316895}
  - component: {fileID: 1581316894}
  m_Layer: 5
  m_Name: StandingArea
  m_TagString: Untagged
  m_Icon: {fileID: 0}
  m_NavMeshLayer: 0
  m_StaticEditorFlags: 0
  m_IsActive: 1
--- !u!224 &1581316893
RectTransform:
  m_ObjectHideFlags: 0
  m_CorrespondingSourceObject: {fileID: 0}
  m_PrefabInstance: {fileID: 0}
  m_PrefabAsset: {fileID: 0}
  m_GameObject: {fileID: 1581316892}
  m_LocalRotation: {x: 0, y: 0, z: 0, w: 1}
  m_LocalPosition: {x: 0, y: 0, z: 0}
  m_LocalScale: {x: 1, y: 1, z: 1}
  m_Children:
  - {fileID: 361480302}
  m_Father: {fileID: 317961530}
  m_RootOrder: 1
  m_LocalEulerAnglesHint: {x: 0, y: 0, z: 0}
  m_AnchorMin: {x: 0, y: 0}
  m_AnchorMax: {x: 0, y: 0}
  m_AnchoredPosition: {x: 0, y: 0}
  m_SizeDelta: {x: 800, y: 800}
  m_Pivot: {x: 0, y: 0}
--- !u!114 &1581316894
MonoBehaviour:
  m_ObjectHideFlags: 0
  m_CorrespondingSourceObject: {fileID: 0}
  m_PrefabInstance: {fileID: 0}
  m_PrefabAsset: {fileID: 0}
  m_GameObject: {fileID: 1581316892}
  m_Enabled: 1
  m_EditorHideFlags: 0
  m_Script: {fileID: 11500000, guid: fe87c0e1cc204ed48ad3b37840f39efc, type: 3}
  m_Name: 
  m_EditorClassIdentifier: 
  m_Material: {fileID: 0}
  m_Color: {r: 1, g: 1, b: 1, a: 0.392}
  m_RaycastTarget: 1
  m_OnCullStateChanged:
    m_PersistentCalls:
      m_Calls: []
  m_Sprite: {fileID: 10907, guid: 0000000000000000f000000000000000, type: 0}
  m_Type: 1
  m_PreserveAspect: 0
  m_FillCenter: 1
  m_FillMethod: 4
  m_FillAmount: 1
  m_FillClockwise: 1
  m_FillOrigin: 0
  m_UseSpriteMesh: 0
  m_PixelsPerUnitMultiplier: 1
--- !u!222 &1581316895
CanvasRenderer:
  m_ObjectHideFlags: 0
  m_CorrespondingSourceObject: {fileID: 0}
  m_PrefabInstance: {fileID: 0}
  m_PrefabAsset: {fileID: 0}
  m_GameObject: {fileID: 1581316892}
  m_CullTransparentMesh: 0
--- !u!1001 &1591308872
PrefabInstance:
  m_ObjectHideFlags: 0
  serializedVersion: 2
  m_Modification:
    m_TransformParent: {fileID: 0}
    m_Modifications:
    - target: {fileID: 3722426186315475320, guid: 5dbf7edc9afdfac479210ecc80a5ae8e,
        type: 3}
      propertyPath: m_Name
      value: Seat
      objectReference: {fileID: 0}
    - target: {fileID: 3722426186315475319, guid: 5dbf7edc9afdfac479210ecc80a5ae8e,
        type: 3}
      propertyPath: m_LocalPosition.x
      value: 3.56
      objectReference: {fileID: 0}
    - target: {fileID: 3722426186315475319, guid: 5dbf7edc9afdfac479210ecc80a5ae8e,
        type: 3}
      propertyPath: m_LocalPosition.y
      value: -0.73
      objectReference: {fileID: 0}
    - target: {fileID: 3722426186315475319, guid: 5dbf7edc9afdfac479210ecc80a5ae8e,
        type: 3}
      propertyPath: m_LocalPosition.z
      value: 0
      objectReference: {fileID: 0}
    - target: {fileID: 3722426186315475319, guid: 5dbf7edc9afdfac479210ecc80a5ae8e,
        type: 3}
      propertyPath: m_LocalRotation.x
      value: 0
      objectReference: {fileID: 0}
    - target: {fileID: 3722426186315475319, guid: 5dbf7edc9afdfac479210ecc80a5ae8e,
        type: 3}
      propertyPath: m_LocalRotation.y
      value: 0
      objectReference: {fileID: 0}
    - target: {fileID: 3722426186315475319, guid: 5dbf7edc9afdfac479210ecc80a5ae8e,
        type: 3}
      propertyPath: m_LocalRotation.z
      value: 0
      objectReference: {fileID: 0}
    - target: {fileID: 3722426186315475319, guid: 5dbf7edc9afdfac479210ecc80a5ae8e,
        type: 3}
      propertyPath: m_LocalRotation.w
      value: 1
      objectReference: {fileID: 0}
    - target: {fileID: 3722426186315475319, guid: 5dbf7edc9afdfac479210ecc80a5ae8e,
        type: 3}
      propertyPath: m_RootOrder
      value: 8
      objectReference: {fileID: 0}
    - target: {fileID: 3722426186315475319, guid: 5dbf7edc9afdfac479210ecc80a5ae8e,
        type: 3}
      propertyPath: m_LocalEulerAnglesHint.x
      value: 0
      objectReference: {fileID: 0}
    - target: {fileID: 3722426186315475319, guid: 5dbf7edc9afdfac479210ecc80a5ae8e,
        type: 3}
      propertyPath: m_LocalEulerAnglesHint.y
      value: 0
      objectReference: {fileID: 0}
    - target: {fileID: 3722426186315475319, guid: 5dbf7edc9afdfac479210ecc80a5ae8e,
        type: 3}
      propertyPath: m_LocalEulerAnglesHint.z
      value: 0
      objectReference: {fileID: 0}
    - target: {fileID: 3722426186315475319, guid: 5dbf7edc9afdfac479210ecc80a5ae8e,
        type: 3}
      propertyPath: m_LocalScale.x
      value: 0.27497587
      objectReference: {fileID: 0}
    - target: {fileID: 3722426186315475319, guid: 5dbf7edc9afdfac479210ecc80a5ae8e,
        type: 3}
      propertyPath: m_LocalScale.y
      value: 0.24173701
      objectReference: {fileID: 0}
    - target: {fileID: 3722426186315475319, guid: 5dbf7edc9afdfac479210ecc80a5ae8e,
        type: 3}
      propertyPath: m_LocalScale.z
      value: 0.24173701
      objectReference: {fileID: 0}
    - target: {fileID: 3081655022227001512, guid: 5dbf7edc9afdfac479210ecc80a5ae8e,
        type: 3}
      propertyPath: m_Offset.y
      value: -3.1366258
      objectReference: {fileID: 0}
    - target: {fileID: 3081655022227001512, guid: 5dbf7edc9afdfac479210ecc80a5ae8e,
        type: 3}
      propertyPath: m_Size.y
      value: 1
      objectReference: {fileID: 0}
    - target: {fileID: 3081655022227001512, guid: 5dbf7edc9afdfac479210ecc80a5ae8e,
        type: 3}
      propertyPath: m_Offset.x
      value: -0.52702093
      objectReference: {fileID: 0}
    - target: {fileID: 3081655022227001512, guid: 5dbf7edc9afdfac479210ecc80a5ae8e,
        type: 3}
      propertyPath: m_Size.x
      value: 1
      objectReference: {fileID: 0}
    - target: {fileID: 198055096730483740, guid: 5dbf7edc9afdfac479210ecc80a5ae8e,
        type: 3}
      propertyPath: m_Sprite
      value: 
      objectReference: {fileID: 0}
    - target: {fileID: 198055096730483740, guid: 5dbf7edc9afdfac479210ecc80a5ae8e,
        type: 3}
      propertyPath: m_WasSpriteAssigned
      value: 0
      objectReference: {fileID: 0}
    m_RemovedComponents: []
  m_SourcePrefab: {fileID: 100100000, guid: 5dbf7edc9afdfac479210ecc80a5ae8e, type: 3}
--- !u!1001 &1598279057
PrefabInstance:
  m_ObjectHideFlags: 0
  serializedVersion: 2
  m_Modification:
    m_TransformParent: {fileID: 0}
    m_Modifications:
    - target: {fileID: 2931463896368493285, guid: 97acc2349c147674fbbd9005327571bf,
        type: 3}
      propertyPath: m_Name
      value: StandingSpot (2)
      objectReference: {fileID: 0}
    - target: {fileID: 504816675290066713, guid: 97acc2349c147674fbbd9005327571bf,
        type: 3}
      propertyPath: m_LocalPosition.x
      value: -3.05
      objectReference: {fileID: 0}
    - target: {fileID: 504816675290066713, guid: 97acc2349c147674fbbd9005327571bf,
        type: 3}
      propertyPath: m_LocalPosition.y
      value: -3.4623556
      objectReference: {fileID: 0}
    - target: {fileID: 504816675290066713, guid: 97acc2349c147674fbbd9005327571bf,
        type: 3}
      propertyPath: m_LocalPosition.z
      value: 0
      objectReference: {fileID: 0}
    - target: {fileID: 504816675290066713, guid: 97acc2349c147674fbbd9005327571bf,
        type: 3}
      propertyPath: m_LocalRotation.x
      value: 0
      objectReference: {fileID: 0}
    - target: {fileID: 504816675290066713, guid: 97acc2349c147674fbbd9005327571bf,
        type: 3}
      propertyPath: m_LocalRotation.y
      value: 0
      objectReference: {fileID: 0}
    - target: {fileID: 504816675290066713, guid: 97acc2349c147674fbbd9005327571bf,
        type: 3}
      propertyPath: m_LocalRotation.z
      value: 0
      objectReference: {fileID: 0}
    - target: {fileID: 504816675290066713, guid: 97acc2349c147674fbbd9005327571bf,
        type: 3}
      propertyPath: m_LocalRotation.w
      value: 1
      objectReference: {fileID: 0}
    - target: {fileID: 504816675290066713, guid: 97acc2349c147674fbbd9005327571bf,
        type: 3}
      propertyPath: m_RootOrder
      value: 5
      objectReference: {fileID: 0}
    - target: {fileID: 504816675290066713, guid: 97acc2349c147674fbbd9005327571bf,
        type: 3}
      propertyPath: m_LocalEulerAnglesHint.x
      value: 0
      objectReference: {fileID: 0}
    - target: {fileID: 504816675290066713, guid: 97acc2349c147674fbbd9005327571bf,
        type: 3}
      propertyPath: m_LocalEulerAnglesHint.y
      value: 0
      objectReference: {fileID: 0}
    - target: {fileID: 504816675290066713, guid: 97acc2349c147674fbbd9005327571bf,
        type: 3}
      propertyPath: m_LocalEulerAnglesHint.z
      value: 0
      objectReference: {fileID: 0}
    m_RemovedComponents: []
  m_SourcePrefab: {fileID: 100100000, guid: 97acc2349c147674fbbd9005327571bf, type: 3}
--- !u!1 &1670664467 stripped
GameObject:
  m_CorrespondingSourceObject: {fileID: 2931463896368493285, guid: 97acc2349c147674fbbd9005327571bf,
    type: 3}
  m_PrefabInstance: {fileID: 1812015097}
  m_PrefabAsset: {fileID: 0}
--- !u!1 &1730085264
GameObject:
  m_ObjectHideFlags: 0
  m_CorrespondingSourceObject: {fileID: 0}
  m_PrefabInstance: {fileID: 0}
  m_PrefabAsset: {fileID: 0}
  serializedVersion: 6
  m_Component:
  - component: {fileID: 1730085267}
  - component: {fileID: 1730085266}
  - component: {fileID: 1730085265}
  m_Layer: 0
  m_Name: Main Camera
  m_TagString: MainCamera
  m_Icon: {fileID: 0}
  m_NavMeshLayer: 0
  m_StaticEditorFlags: 0
  m_IsActive: 1
--- !u!81 &1730085265
AudioListener:
  m_ObjectHideFlags: 0
  m_CorrespondingSourceObject: {fileID: 0}
  m_PrefabInstance: {fileID: 0}
  m_PrefabAsset: {fileID: 0}
  m_GameObject: {fileID: 1730085264}
  m_Enabled: 1
--- !u!20 &1730085266
Camera:
  m_ObjectHideFlags: 0
  m_CorrespondingSourceObject: {fileID: 0}
  m_PrefabInstance: {fileID: 0}
  m_PrefabAsset: {fileID: 0}
  m_GameObject: {fileID: 1730085264}
  m_Enabled: 1
  serializedVersion: 2
  m_ClearFlags: 1
  m_BackGroundColor: {r: 0.19215687, g: 0.3019608, b: 0.4745098, a: 0}
  m_projectionMatrixMode: 1
  m_GateFitMode: 2
  m_FOVAxisMode: 0
  m_SensorSize: {x: 36, y: 24}
  m_LensShift: {x: 0, y: 0}
  m_FocalLength: 50
  m_NormalizedViewPortRect:
    serializedVersion: 2
    x: 0
    y: 0
    width: 1
    height: 1
  near clip plane: 0.3
  far clip plane: 1000
  field of view: 60
  orthographic: 1
  orthographic size: 150
  m_Depth: -1
  m_CullingMask:
    serializedVersion: 2
    m_Bits: 4294967295
  m_RenderingPath: -1
  m_TargetTexture: {fileID: 0}
  m_TargetDisplay: 0
  m_TargetEye: 3
  m_HDR: 1
  m_AllowMSAA: 1
  m_AllowDynamicResolution: 0
  m_ForceIntoRT: 0
  m_OcclusionCulling: 1
  m_StereoConvergence: 10
  m_StereoSeparation: 0.022
--- !u!4 &1730085267
Transform:
  m_ObjectHideFlags: 0
  m_CorrespondingSourceObject: {fileID: 0}
  m_PrefabInstance: {fileID: 0}
  m_PrefabAsset: {fileID: 0}
  m_GameObject: {fileID: 1730085264}
  m_LocalRotation: {x: 0, y: 0, z: 0, w: 1}
  m_LocalPosition: {x: 648, y: 135, z: -10}
  m_LocalScale: {x: 1, y: 1, z: 1}
  m_Children: []
  m_Father: {fileID: 0}
  m_RootOrder: 0
  m_LocalEulerAnglesHint: {x: 0, y: 0, z: 0}
--- !u!1 &1745435581
GameObject:
  m_ObjectHideFlags: 0
  m_CorrespondingSourceObject: {fileID: 0}
  m_PrefabInstance: {fileID: 0}
  m_PrefabAsset: {fileID: 0}
  serializedVersion: 6
  m_Component:
  - component: {fileID: 1745435582}
  - component: {fileID: 1745435584}
  - component: {fileID: 1745435583}
  m_Layer: 5
  m_Name: Image (1)
  m_TagString: Untagged
  m_Icon: {fileID: 0}
  m_NavMeshLayer: 0
  m_StaticEditorFlags: 0
  m_IsActive: 1
--- !u!224 &1745435582
RectTransform:
  m_ObjectHideFlags: 0
  m_CorrespondingSourceObject: {fileID: 0}
  m_PrefabInstance: {fileID: 0}
  m_PrefabAsset: {fileID: 0}
  m_GameObject: {fileID: 1745435581}
  m_LocalRotation: {x: -0, y: -0, z: -0, w: 1}
  m_LocalPosition: {x: 0, y: 0, z: 0}
  m_LocalScale: {x: 1, y: 1, z: 1}
  m_Children: []
  m_Father: {fileID: 850003311}
  m_RootOrder: 0
  m_LocalEulerAnglesHint: {x: 0, y: 0, z: 0}
  m_AnchorMin: {x: 0, y: 0}
  m_AnchorMax: {x: 0, y: 0}
  m_AnchoredPosition: {x: -347.90002, y: 0}
  m_SizeDelta: {x: 1467.9, y: 800}
  m_Pivot: {x: 0, y: 0}
--- !u!114 &1745435583
MonoBehaviour:
  m_ObjectHideFlags: 0
  m_CorrespondingSourceObject: {fileID: 0}
  m_PrefabInstance: {fileID: 0}
  m_PrefabAsset: {fileID: 0}
  m_GameObject: {fileID: 1745435581}
  m_Enabled: 1
  m_EditorHideFlags: 0
  m_Script: {fileID: 11500000, guid: fe87c0e1cc204ed48ad3b37840f39efc, type: 3}
  m_Name: 
  m_EditorClassIdentifier: 
  m_Material: {fileID: 0}
  m_Color: {r: 1, g: 1, b: 1, a: 1}
  m_RaycastTarget: 1
  m_OnCullStateChanged:
    m_PersistentCalls:
      m_Calls: []
  m_Sprite: {fileID: 21300000, guid: 5e3f23b370fff9f41b1ddb60a6df1bef, type: 3}
  m_Type: 0
  m_PreserveAspect: 0
  m_FillCenter: 1
  m_FillMethod: 4
  m_FillAmount: 1
  m_FillClockwise: 1
  m_FillOrigin: 0
  m_UseSpriteMesh: 0
  m_PixelsPerUnitMultiplier: 1
--- !u!222 &1745435584
CanvasRenderer:
  m_ObjectHideFlags: 0
  m_CorrespondingSourceObject: {fileID: 0}
  m_PrefabInstance: {fileID: 0}
  m_PrefabAsset: {fileID: 0}
  m_GameObject: {fileID: 1745435581}
  m_CullTransparentMesh: 0
--- !u!1001 &1812015097
PrefabInstance:
  m_ObjectHideFlags: 0
  serializedVersion: 2
  m_Modification:
    m_TransformParent: {fileID: 0}
    m_Modifications:
    - target: {fileID: 2931463896368493285, guid: 97acc2349c147674fbbd9005327571bf,
        type: 3}
      propertyPath: m_Name
      value: StandingSpot (4)
      objectReference: {fileID: 0}
    - target: {fileID: 504816675290066713, guid: 97acc2349c147674fbbd9005327571bf,
        type: 3}
      propertyPath: m_LocalPosition.x
      value: -4.14
      objectReference: {fileID: 0}
    - target: {fileID: 504816675290066713, guid: 97acc2349c147674fbbd9005327571bf,
        type: 3}
      propertyPath: m_LocalPosition.y
      value: -2.515686
      objectReference: {fileID: 0}
    - target: {fileID: 504816675290066713, guid: 97acc2349c147674fbbd9005327571bf,
        type: 3}
      propertyPath: m_LocalPosition.z
      value: 0
      objectReference: {fileID: 0}
    - target: {fileID: 504816675290066713, guid: 97acc2349c147674fbbd9005327571bf,
        type: 3}
      propertyPath: m_LocalRotation.x
      value: 0
      objectReference: {fileID: 0}
    - target: {fileID: 504816675290066713, guid: 97acc2349c147674fbbd9005327571bf,
        type: 3}
      propertyPath: m_LocalRotation.y
      value: 0
      objectReference: {fileID: 0}
    - target: {fileID: 504816675290066713, guid: 97acc2349c147674fbbd9005327571bf,
        type: 3}
      propertyPath: m_LocalRotation.z
      value: 0
      objectReference: {fileID: 0}
    - target: {fileID: 504816675290066713, guid: 97acc2349c147674fbbd9005327571bf,
        type: 3}
      propertyPath: m_LocalRotation.w
      value: 1
      objectReference: {fileID: 0}
    - target: {fileID: 504816675290066713, guid: 97acc2349c147674fbbd9005327571bf,
        type: 3}
      propertyPath: m_RootOrder
      value: 3
      objectReference: {fileID: 0}
    - target: {fileID: 504816675290066713, guid: 97acc2349c147674fbbd9005327571bf,
        type: 3}
      propertyPath: m_LocalEulerAnglesHint.x
      value: 0
      objectReference: {fileID: 0}
    - target: {fileID: 504816675290066713, guid: 97acc2349c147674fbbd9005327571bf,
        type: 3}
      propertyPath: m_LocalEulerAnglesHint.y
      value: 0
      objectReference: {fileID: 0}
    - target: {fileID: 504816675290066713, guid: 97acc2349c147674fbbd9005327571bf,
        type: 3}
      propertyPath: m_LocalEulerAnglesHint.z
      value: 0
      objectReference: {fileID: 0}
    m_RemovedComponents: []
  m_SourcePrefab: {fileID: 100100000, guid: 97acc2349c147674fbbd9005327571bf, type: 3}
--- !u!1001 &1973373937
PrefabInstance:
  m_ObjectHideFlags: 0
  serializedVersion: 2
  m_Modification:
    m_TransformParent: {fileID: 0}
    m_Modifications:
    - target: {fileID: 3722426186315475320, guid: 5dbf7edc9afdfac479210ecc80a5ae8e,
        type: 3}
      propertyPath: m_Name
      value: Seat (1)
      objectReference: {fileID: 0}
    - target: {fileID: 3722426186315475319, guid: 5dbf7edc9afdfac479210ecc80a5ae8e,
        type: 3}
      propertyPath: m_LocalPosition.x
      value: 1.27
      objectReference: {fileID: 0}
    - target: {fileID: 3722426186315475319, guid: 5dbf7edc9afdfac479210ecc80a5ae8e,
        type: 3}
      propertyPath: m_LocalPosition.y
      value: -1.25
      objectReference: {fileID: 0}
    - target: {fileID: 3722426186315475319, guid: 5dbf7edc9afdfac479210ecc80a5ae8e,
        type: 3}
      propertyPath: m_LocalPosition.z
      value: 0
      objectReference: {fileID: 0}
    - target: {fileID: 3722426186315475319, guid: 5dbf7edc9afdfac479210ecc80a5ae8e,
        type: 3}
      propertyPath: m_LocalRotation.x
      value: 0
      objectReference: {fileID: 0}
    - target: {fileID: 3722426186315475319, guid: 5dbf7edc9afdfac479210ecc80a5ae8e,
        type: 3}
      propertyPath: m_LocalRotation.y
      value: 0
      objectReference: {fileID: 0}
    - target: {fileID: 3722426186315475319, guid: 5dbf7edc9afdfac479210ecc80a5ae8e,
        type: 3}
      propertyPath: m_LocalRotation.z
      value: 0
      objectReference: {fileID: 0}
    - target: {fileID: 3722426186315475319, guid: 5dbf7edc9afdfac479210ecc80a5ae8e,
        type: 3}
      propertyPath: m_LocalRotation.w
      value: 1
      objectReference: {fileID: 0}
    - target: {fileID: 3722426186315475319, guid: 5dbf7edc9afdfac479210ecc80a5ae8e,
        type: 3}
      propertyPath: m_RootOrder
      value: 9
      objectReference: {fileID: 0}
    - target: {fileID: 3722426186315475319, guid: 5dbf7edc9afdfac479210ecc80a5ae8e,
        type: 3}
      propertyPath: m_LocalEulerAnglesHint.x
      value: 0
      objectReference: {fileID: 0}
    - target: {fileID: 3722426186315475319, guid: 5dbf7edc9afdfac479210ecc80a5ae8e,
        type: 3}
      propertyPath: m_LocalEulerAnglesHint.y
      value: 0
      objectReference: {fileID: 0}
    - target: {fileID: 3722426186315475319, guid: 5dbf7edc9afdfac479210ecc80a5ae8e,
        type: 3}
      propertyPath: m_LocalEulerAnglesHint.z
      value: 0
      objectReference: {fileID: 0}
    - target: {fileID: 3722426186315475319, guid: 5dbf7edc9afdfac479210ecc80a5ae8e,
        type: 3}
      propertyPath: m_LocalScale.x
      value: 0.26080802
      objectReference: {fileID: 0}
    - target: {fileID: 3722426186315475319, guid: 5dbf7edc9afdfac479210ecc80a5ae8e,
        type: 3}
      propertyPath: m_LocalScale.y
      value: 0.23472722
      objectReference: {fileID: 0}
    - target: {fileID: 3722426186315475319, guid: 5dbf7edc9afdfac479210ecc80a5ae8e,
        type: 3}
      propertyPath: m_LocalScale.z
      value: 0.26080802
      objectReference: {fileID: 0}
    - target: {fileID: 3081655022227001512, guid: 5dbf7edc9afdfac479210ecc80a5ae8e,
        type: 3}
      propertyPath: m_Offset.y
      value: -4
      objectReference: {fileID: 0}
    - target: {fileID: 3081655022227001512, guid: 5dbf7edc9afdfac479210ecc80a5ae8e,
        type: 3}
      propertyPath: m_Size.y
      value: 1
      objectReference: {fileID: 0}
    - target: {fileID: 3081655022227001512, guid: 5dbf7edc9afdfac479210ecc80a5ae8e,
        type: 3}
      propertyPath: m_Offset.x
      value: 0
      objectReference: {fileID: 0}
    - target: {fileID: 3081655022227001512, guid: 5dbf7edc9afdfac479210ecc80a5ae8e,
        type: 3}
      propertyPath: m_Size.x
      value: 1
      objectReference: {fileID: 0}
    - target: {fileID: 8949590900556370524, guid: 5dbf7edc9afdfac479210ecc80a5ae8e,
        type: 3}
      propertyPath: m_LocalPosition.x
      value: -13.15
      objectReference: {fileID: 0}
    - target: {fileID: 8949590900556370524, guid: 5dbf7edc9afdfac479210ecc80a5ae8e,
        type: 3}
      propertyPath: m_LocalPosition.y
      value: -10.92
      objectReference: {fileID: 0}
    - target: {fileID: 8949590900556370524, guid: 5dbf7edc9afdfac479210ecc80a5ae8e,
        type: 3}
      propertyPath: m_LocalScale.x
      value: 1.1636876
      objectReference: {fileID: 0}
    - target: {fileID: 8949590900556370524, guid: 5dbf7edc9afdfac479210ecc80a5ae8e,
        type: 3}
      propertyPath: m_LocalScale.y
      value: 1.0825
      objectReference: {fileID: 0}
    - target: {fileID: 8949590900556370524, guid: 5dbf7edc9afdfac479210ecc80a5ae8e,
        type: 3}
      propertyPath: m_LocalScale.z
      value: 1.0825
      objectReference: {fileID: 0}
    - target: {fileID: 198055096730483740, guid: 5dbf7edc9afdfac479210ecc80a5ae8e,
        type: 3}
      propertyPath: m_Sprite
      value: 
      objectReference: {fileID: 0}
    - target: {fileID: 198055096730483740, guid: 5dbf7edc9afdfac479210ecc80a5ae8e,
        type: 3}
      propertyPath: m_WasSpriteAssigned
      value: 0
      objectReference: {fileID: 0}
    m_RemovedComponents: []
  m_SourcePrefab: {fileID: 100100000, guid: 5dbf7edc9afdfac479210ecc80a5ae8e, type: 3}
--- !u!1 &1975938978 stripped
GameObject:
  m_CorrespondingSourceObject: {fileID: 2931463896368493285, guid: 97acc2349c147674fbbd9005327571bf,
    type: 3}
  m_PrefabInstance: {fileID: 1598279057}
  m_PrefabAsset: {fileID: 0}
